% This file was created with JabRef 2.10.
% Encoding: Cp1252


@Article{Goldberg2001,
  Title                    = {Eigentaste: A Constant Time Collaborative Filtering Algorithm},
  Author                   = {Goldberg, Ken and Roeder, Theresa and Gupta, Dhruv and Perkins, Chris},
  Journal                  = {Inf. Retr.},
  Year                     = {2001},

  Month                    = jul,
  Number                   = {2},
  Pages                    = {133--151},
  Volume                   = {4},

  Acmid                    = {594023},
  Address                  = {Hingham, MA, USA},
  Doi                      = {10.1023/A:1011419012209},
  ISSN                     = {1386-4564},
  Issue_date               = {July 2001},
  Keywords                 = {collaborative filtering, dimensionality reduction, jokes, recommender systems},
  Numpages                 = {19},
  Publisher                = {Kluwer Academic Publishers},
  Url                      = {http://dx.doi.org/10.1023/A:1011419012209}
}

@Article{Lemire2007,
  Title                    = {Slope One Predictors for Online Rating-Based Collaborative Filtering},
  Author                   = {Daniel Lemire and
 Anna Maclachlan},
  Journal                  = {CoRR},
  Year                     = {2007},
  Volume                   = {abs/cs/0702144},

  Bibsource                = {dblp computer science bibliography, http://dblp.org},
  Biburl                   = {http://dblp.uni-trier.de/rec/bib/journals/corr/abs-cs-0702144},
  Timestamp                = {Mon, 05 Dec 2011 18:05:37 +0100},
  Url                      = {http://arxiv.org/abs/cs/0702144}
}

